%! Author = florian
%! Date = 30.10.22

